@misc{MethodofJoints,
	Title = {{Method of Joints}},
	author={Wikipedia},
	year = {2019},
	howpublished = 
	{\url{https://en.wikibooks.org/wiki/Statics/Method_of_Joints}},
}

@misc{Moment,
	Title = {{Moment}},
	author={Wikipedia},
	year = {2020},
	howpublished = {\url{https://simple.wikipedia.org/wiki/Moment_(physics)}},
}

@phdthesis{Koothoor2013,
	title={A document driven approach to certifying scientific computing 
	software},
	author={Koothoor, Nirmitha},
	year={2013}
}

@inproceedings{SmithandLai2005,
	title={A new requirements template for scientific computing},
	author={Smith, W Spencer and Lai, Lei},
	booktitle={Proceedings of the First International Workshop on Situational 
	Requirements Engineering Processes--Methods, Techniques and Tools to 
	Support Situation-Specific Requirements Engineering Processes, SREP},
	volume={5},
	pages={107--121},
	year={2005},
	organization={Citeseer}
}

@inproceedings{ParnasandClements,
	title={A rational design process: How and why to fake it},
	author={Parnas, David L and Clements, Paul C},
	booktitle={International Joint Conference on Theory and Practice of 
	Software Development},
	pages={80--100},
	year={1985},
	organization={Springer}
}