@article{Smithetal2018,
	title={Seismology software: State of the practice},
	author={Smith, W Spencer and Zeng, Zheng and Carette, Jacques},
	journal={Journal of Seismology},
	volume={22},
	number={3},
	pages={755--788},
	year={2018},
	publisher={Springer}
}

@misc{SRS,
	Title = {{SRS}},
	author={Ting-Yu Wu},
	year = {2020},
	howpublished = 
	{\url{https://github.com/tingyuw/cas741/blob/master/docs/SRS/SRS.pdf}},
}

@misc{VnVPlan,
	Title = {{VnV Plan}},
	author={Ting-Yu Wu},
	year = {2020},
	howpublished = 
	{\url{https://github.com/tingyuw/cas741/blob/master/docs/VnVPlan/VnVPlan.pdf}},
}

